@InProceedings{thiemann,
  author =	{Thiemann, Ren\'{e} and Yamada, Akihisa},
  title =	{{A Verified Algorithm for Deciding Pattern Completeness}},
  booktitle =	{9th International Conference on Formal Structures for Computation and Deduction (FSCD 2024)},
  pages =	{27:1--27:17},
  series =	{Leibniz International Proceedings in Informatics (LIPIcs)},
  ISBN =	{978-3-95977-323-2},
  ISSN =	{1868-8969},
  year =	{2024},
  volume =	{299},
  editor =	{Rehof, Jakob},
  publisher =	{Schloss Dagstuhl -- Leibniz-Zentrum f{\"u}r Informatik},
  address =	{Dagstuhl, Germany},
  URL =		{https://drops.dagstuhl.de/entities/document/10.4230/LIPIcs.FSCD.2024.27},
  URN =		{urn:nbn:de:0030-drops-203566},
  doi =		{10.4230/LIPIcs.FSCD.2024.27},
  annote =	{Keywords: Isabelle/HOL, pattern matching, term rewriting}
}

@article{lazrek,
title = {Tools for proving inductive equalities, relative completeness, and $\omega$-completeness},
journal = {Information and Computation},
volume = {84},
number = {1},
pages = {47-70},
year = {1990},
issn = {0890-5401},
doi = {https://doi.org/10.1016/0890-5401(90)90033-E},
url = {https://www.sciencedirect.com/science/article/pii/089054019090033E},
author = {Azeddine Lazrek and Pierre Lescanne and Jean-Jacques Thiel}
}

@inproceedings{thiel,
author = {Thiel, Jean Jacques},
title = {Stop losing sleep over incomplete data type specifications},
year = {1984},
isbn = {0897911253},
publisher = {Association for Computing Machinery},
address = {New York, NY, USA},
url = {https://doi.org/10.1145/800017.800518},
doi = {10.1145/800017.800518},
booktitle = {Proceedings of the 11th ACM SIGACT-SIGPLAN Symposium on Principles of Programming Languages},
pages = {76–82},
numpages = {7},
keywords = {Completeness, Data types specifications, Equational theories, Substitutions, Term rewriting systems, Unification},
location = {Salt Lake City, Utah, USA},
series = {POPL '84}
}

@article{kapur,
author = {Kapur, Deepak and Narendran, Paliath and Zhang, Hantao},
title = {On sufficient-completeness and related properties of term rewriting systems},
year = {1987},
issue_date = {August    1987},
publisher = {Springer-Verlag},
address = {Berlin, Heidelberg},
volume = {24},
number = {4},
issn = {0001-5903},
url = {https://doi.org/10.1007/BF00292110},
doi = {10.1007/BF00292110},
journal = {Acta Inf.},
month = aug,
pages = {395–415},
numpages = {21}
}

@misc{cynthia,
      title={Quasi-reductivity of Logically Constrained Term Rewriting Systems}, 
      author={Cynthia Kop},
      year={2017},
      eprint={1702.02397},
      archivePrefix={arXiv},
      primaryClass={cs.LO},
      url={https://arxiv.org/abs/1702.02397}, 
}

@article{middeldorp,
author = {Middeldorp, Aart and Lochmann, Alexander and Mitterwallner, Fabian},
title = {First-Order Theory of Rewriting for Linear Variable-Separated Rewrite Systems: Automation, Formalization, Certification},
year = {2023},
issue_date = {Jun 2023},
publisher = {Springer-Verlag},
address = {Berlin, Heidelberg},
volume = {67},
number = {2},
issn = {0168-7433},
url = {https://doi.org/10.1007/s10817-023-09661-7},
doi = {10.1007/s10817-023-09661-7},
month = apr,
numpages = {76},
keywords = {Term rewriting, First-order theory, Tree automata, Formalization}
}

@InProceedings{aoto,
  author =	{Aoto, Takahito and Toyama, Yoshihito},
  title =	{{Ground Confluence Prover based on Rewriting Induction}},
  booktitle =	{1st International Conference on Formal Structures for Computation and Deduction (FSCD 2016)},
  pages =	{33:1--33:12},
  series =	{Leibniz International Proceedings in Informatics (LIPIcs)},
  ISBN =	{978-3-95977-010-1},
  ISSN =	{1868-8969},
  year =	{2016},
  volume =	{52},
  editor =	{Kesner, Delia and Pientka, Brigitte},
  publisher =	{Schloss Dagstuhl -- Leibniz-Zentrum f{\"u}r Informatik},
  address =	{Dagstuhl, Germany},
  URL =		{https://drops.dagstuhl.de/entities/document/10.4230/LIPIcs.FSCD.2016.33},
  URN =		{urn:nbn:de:0030-drops-59873},
  doi =		{10.4230/LIPIcs.FSCD.2016.33},
  annote =	{Keywords: Ground Confluence, Rewriting Induction, Non-Orientable Equations, Term Rewriting Systems}
}

@article{bouhoula,
title = {Sufficient completeness verification for conditional and constrained TRS},
journal = {Journal of Applied Logic},
volume = {10},
number = {1},
pages = {127-143},
year = {2012},
note = {Special issue on Automated Specification and Verification of Web Systems},
issn = {1570-8683},
doi = {https://doi.org/10.1016/j.jal.2011.09.001},
url = {https://www.sciencedirect.com/science/article/pii/S1570868311000413},
author = {Adel Bouhoula and Florent Jacquemard},
keywords = {Sufficient completeness, Conditional and constrained term rewriting, Narrowing, Tree grammars},
}